%% My papers

%% Journals

@article{ruiz19-inv,
	author="Ruiz, L. and Gama, F. and G. Marques, A. and Ribeiro, A.",
	title="Invariance-Preserving Localized Activation Functions for Graph Neural Networks",
	journal=IEEE_J_SP,
	volume="68",
	pages="127--141",
	year	="2020",
	publisher="IEEE"
}

@article{ruiz2020grnns,  
	author="Ruiz, L. and Gama, F. and Ribeiro, A.",      
	journal=IEEE_J_SP,  
	title="Gated Graph Recurrent Neural Networks",     
	volume="68",  
	pages="6303--6318",
	year="2020",
	publisher="IEEE"
}

@article{ruiz2020gnns,
	title="Graph Neural Networks: Architectures, Stability and Transferability",
	author="Ruiz, L. and Gama, F. and Ribeiro, A.",
	journal="Proc. IEEE",
	volume="109",
	number="5",
	pages="660--682",
	year="2021",
	publisher="IEEE"
}

@article{ruiz2020graphonsp,
	title="Graphon Signal Processing",
	author="Ruiz, L. and Chamon, L. F. O. and Ribeiro, A.",
	journal=IEEE_J_SP,
  	volume="69",
  	pages="4961--4976",
  	year="2021",
  	publisher="IEEE"
}

@article{cervino2021increase,
  	title="Increase and Conquer: Training Graph Neural Networks on Growing Graphs",
  	author="Cervino, J. and Ruiz, L. and Ribeiro, A.",
  	journal="arXiv [cs.LG]:2106.03693",
  	year="2021",
  	url="http://arxiv.org/abs/2106.03693"
}

@article{wang2021stability,
  	title="Stability to Deformations in Manifold Neural Networks",
  	author="Wang, Z. and Ruiz, L. and Ribeiro, A.",
  	journal="arXiv [cs.LG]:2106.03725",
  	year="2021",
  	url="http://arxiv.org/abs/2106.03725"
}

@article{ruiz2021transferability,
  	title="Transferability Properties of Graph Neural Networks",
  	author="Ruiz, L. and Chamon, L. F. O. and Ribeiro, A.",
  	journal="arXiv:2112.04629 [eess.SP]. Submitted to IEEE TSP",
  	year="2021"
}

%% Conferences

@inproceedings{ruiz18-local,
	title="Median Activation Functions for Graph Neural Networks",
	author="Ruiz, L. and Gama, F. and G. Marques, A. and Ribeiro, A.",
	booktitle="44th " # ICASSP,
	pages="7440-7444",
	address="Brighton, UK",
	year	="2019",
	month="13-17" # MAY,
	publisher="IEEE"
}

@inproceedings{ruiz18-grnns,
  	title="Gated Graph Convolutional Recurrent Neural Networks",
  	author="Ruiz, L. and Gama, F. and Ribeiro, A.",
  	booktitle="27th " # EUSIPCO,
  	pages="1-5",
  	address="A Corun\~a, Spain",
  	year	="2019",
 	month="2-6 " # SEP,
  	organization="EURASIP"
}

@inproceedings{ruiz2019gating,
  	title="Spatial Gating Strategies for Graph Recurrent Neural Networks",
  	author="Ruiz, L. and Gama, F. and Ribeiro, A.",
  	booktitle="45th " # ICASSP,
  	pages="5550-5554",
  	address="Barcelona, Spain (Virtual)",
  	year="2020",
  	month="4-8 " # MAY,
  	organization="IEEE"
}

@inproceedings{ruiz2019graphon,
  	title="The {G}raphon {F}ourier {T}ransform",
  	author="Ruiz, L. and Chamon, L. F. O. and Ribeiro, A.",
  	booktitle="45th " # ICASSP,
  	pages="5660-5664",
  	address="Barcelona, Spain (Virtual)",
  	year	="2020",
  	month="4-8 " # MAY,
  	organization="IEEE"
}

@inproceedings{ruiz20-transf,
	title="Graphon Neural Networks and the Transferability of Graph Neural Networks",
	author="Ruiz, L. and Chamon, L. F. O. and Ribeiro, A.",
	booktitle="34th " # NeurIPS,
	address="Vancouver, BC (Virtual)",
	year	="2020",
	month="6-12 " # DEC,
	publisher="NeurIPS Foundation"
}

@inproceedings{iancu2020graph,
  	title="Graph-Adaptive Activation Functions for Graph Neural Networks",
  	author="Iancu, B. and Ruiz, L. and Ribeiro, A. and Isufi, E.",
  	booktitle="30th Int. Workshop Mach. Learn. Signal Process.",
  	pages="1-6",
  	address="Espoo, Finland (Virtual)",
  	year	="2020",
  	month="21-24 " # SEP,
  	organization="IEEE"
}

@inproceedings{ruiz2021graphon-filters,
  	title="Graphon Filters: Signal Processing in Very Large Graphs",
  	author="Ruiz, L. and Chamon, L. F. O. and Ribeiro, A.",
  	booktitle="28th " # EUSIPCO,
  	pages="1050-1054",
  	address="Amsterdam, The Netherlands (Virtual)",
  	year="2021",
  	month="18-22 " # JAN,
  	organization="IEEE"
}

@inproceedings{parada2021graphon,
    title="Graphon Pooling in Graph Neural Networks",
    author="Parada-Mayorga, A. and Ruiz, L. and Ribeiro, A.",
    booktitle="28th " # EUSIPCO,
	address="Amsterdam, The Netherlands (Virtual)",
  	year	="2021",
  	month="18-22 " # JAN,
  	organization="IEEE"
}

@inproceedings{wang2021manifold,
    title="Stability of Neural Networks on {R}iemannian Manifolds",
    author="Wang, Z. and Ruiz, L. and Ribeiro, A.",
    booktitle="29th " # EUSIPCO,
	address="Dublin, Ireland (Virtual)",
	year	="2021",
	month="23-27 " # AUG,
	publisher="IEEE"
}

@inproceedings{ruiz2021stability,
	title="Graphon and Graph Neural Network Stability",
	author="Ruiz, L. and Wang, Z. and Ribeiro, A.",
	booktitle="46th " # ICASSP,
	address="Toronto, ON (Virtual)",
	year	="2021",
	month="6-11 " # JUN,
	publisher="IEEE"
}

@inproceedings{ruiz2021nonlinear,
  	title="Nonlinear State-Space Generalizations of Graph Convolutional Neural Networks",
  	author="Ruiz, L. and Gama, F. and Ribeiro, A. and Isufi, E.",
  	booktitle="46th " # ICASSP,
  	address="Toronto, ON (Virtual)",
  	year	="2021",
  	month="6-11 " # JUN,
  	publisher="IEEE"
}

@article{ruiz2021iterative,
  	title="Iterative Decoding for Compositional Generalization in Transformers",
  	author="Ruiz, L. and Ainslie, J. and Onta{\~n}{\'o}n, S.",
  	journal="arXiv:2110.04169 [cs.LG]",
  	year="2021"
}

@inproceedings{ruiz2021transferable,
  	title="Transferable Graph Neural Networks on Large-Scale Stochastic Graphs",
  	author="Ruiz, L. and Chamon, L. F. O. and Ribeiro, A.",
  	booktitle="55th " # ASILOMAR,
  	pages="1563-1567",
  	address="Asilomar, CA (Virtual)",
  	year="2021",
  	organization="IEEE"
}

@inproceedings{wang2021stability-relative,
  	title="Stability of Neural Networks on Manifolds to Relative Perturbations",
  	author="Wang, Z. and Ruiz, L. and Ribeiro, A.",
  	booktitle="47th " # ICASSP,
  	address="Singapore (Hybrid)",
  	year="2022",
  	month="22-27 " # MAY
}

@inproceedings{wang2021stable,
	title="Stable and Transferable Wireless Resource Allocation Policies via Manifold Neural 			Networks",
  	author="Wang, Z. and Ruiz, L. and Eisen, M. and Ribeiro, A.",
  	booktitle="47th " # ICASSP,
  	address="Singapore (Hybrid)",
  	year="2022",
  	month="22-27 " # MAY
}

@inproceedings{cervino2021training,
	title="Training Stable Graph Neural Networks through Constrained Learning",
  	author="Cervi\~no, J/ and Ruiz, L. and Ribeiro, A.",
  	booktitle="47th " # ICASSP,
  	address="Singapore (Hybrid)",
  	year="2022",
  	month="22-27 " # MAY
}

%%%%%%%%%%%%%%%%%%%%%%%%%%%%%%%%%%%%%%%%%%%%%%%%%%%%%%%%%%%%%%%%%%

@article{chen2015discrete,
  	title="Discrete Signal Processing on Graphs: Sampling Theory",
  	author="Chen, S. and Varma, R. and Sandryhaila, A. and Kovacevic, J.",
  	journal=IEEE_J_SP,
  	volume="63",
  	pages="6510-6523",
  	year="2015",
  	publisher="IEEE"
}

@article{marques2015sampling,
  	title="Sampling of Graph Signals with Successive Local Aggregations",
  	author="Marques, A. G. and Segarra, S. and Leus, G. and Ribeiro, A.",
  	journal=IEEE_J_SP,
  	volume="64",
  	pages="1832-1843",
  	year="2015",
  	publisher="IEEE"
}

@article{chamon2017greedy,
  	title="Greedy Sampling of Graph Signals",
  	author="Chamon, L. F. O. and Ribeiro, A.",
  	journal=IEEE_J_SP,
  	volume="66",
  	pages="34-47",
  	year="2017",
  	publisher="IEEE"
}

@inproceedings{Heimowitz17-MarkovGSP,
	title="A Unified View of Diffusion Maps and Signal Processing on Graphs",
	author="Heimowitz, A. and Eldar, Y. C.",
	booktitle="2017 Int. Conf. Sampling Theory and Appl.",
	address="Tallin, Estonia",
	year	="2017",
	month="3-7 " # JUL,
	publisher="IEEE"
}

@inproceedings{sandryhaila2013discrete,
  	author="Sandryhaila, A. and Moura, J. M. F.",
  	title="Discrete Signal Processing on Graphs: Graph Filters",
  	booktitle="38th " # ICASSP,
  	pages="6163-6166",
  	year="2013",
  	organization="IEEE"
}

@article{sandryhaila14-freq,
    author="Sandryhaila, A. and Moura, J. M. F.",
    title="Discrete Signal Processing on Graphs: Frequency Analysis",
    journal=IEEE_J_SP,
    volume="62",
    pages="3042-3054",
    year	="2014",
    month=JUN
}

@article{gama18-gnnarchit,
	author="Gama, F. and G. Marques, A. and Leus, G. and Ribeiro, A.",
	title="Convolutional Neural Network Architectures for Signals Supported on Graphs",
	journal=IEEE_J_SP,
	volume="67",
  	pages="1034-1049",
  	year="2018",
  	publisher="IEEE"
}

@article{elvin19-spectral,
	author="Levie, R. and Isufi, E. and Leus, G. Kutyniok, G.",
	title="On the Transferability of Spectral Graph Filters",
	journal="arXiv:1901.10524 [cs.LG]",
	year	="2019",
	url="http://arxiv.org/abs/1901.10524"
}

@article{shuman13-mag,
	author="Shuman, D. I and Narang, S. K. and Frossard, P. and Ortega, A. and Vandergheynst, P.",
	title="The Emerging Field of Signal Processing on Graphs: Extending high-dimensional data analysis to networks and other irregular domains",
	journal=IEEE_M_SP,
	volume="30",
	number="3",
	pages="83-98",
	year	="2013",
	month=MAY
}

@inproceedings{defferrard17-cnngraphs,
	title="Convolutional Neural Networks on Graphs with Fast Localized Spectral Filtering",
	author="Defferrard, M. and Bresson, X. and Vandergheynst, P.",
	booktitle=NIPS,
	address="Barcelona, Spain",
	year	="2016",
	month="5-10 " # DEC,
	publisher="NIPS Foundation"
}

@inproceedings{kipf17-classifgcnn,
	title="Semi-Supervised Classification with Graph Convolutional Networks",
	author="Kipf, T. N. and Welling, M.",
	booktitle="5th " # ICLR,
	address="Toulon, France",
	year	="2017",
	month="24-26 " # APR,
	publisher="Assoc. Comput. Linguistics"
}

@article{lecun15-deeplearning,
	author="LeCun, Y. and Bengio, Y. and Hinton, G.",
	title="Deep Learning",
	journal="Nature",
	volume="521",
	number="7553",
	pages="85-117",
	year	="2015",
	month=""
}

@article{bruna14-deepspectralnetworks,
	author="Bruna, J. and Zaremba, W. and Szlam, A. and LeCun, Y.",
	title="Spectral Networks and Deep Locally Connected Networks on Graphs",
	journal="arXiv:1312.6203v3 [cs.LG]",
	year	="2014",
	url="http://arxiv.org/abs/1213.6203"
}

@article{bronstein17-geomdeep,
	author="Bronstein, M. M. and Bruna, J. and LeCun, Y. and Szlam, A. and Vandergheynst, P.",
	title="Geometric Deep Learning: Going Beyond Euclidean Data",
	journal="arXiv:1611.08097v2 [cs.CV]",
	year	="2017",
	url="http://arxiv.org/abs/1611.08097"
}

@book{goodfellow16-deeplearn,
	author="Goodfellow, I. and Bengio, Y. and Courville, A.",
	title="Deep Learning",
	publisher="The {MIT} Press",
	series="The Adaptive Computation and Machine Learning Series",
	address="Cambridge, MA",
	year	="2016"
}

@inproceedings{goodfellow13-maxout,
	title	= "Maxout Networks",
	author="Goodfellow, I. and Warde-Farley, D. and Mirza, M. and Courville, A. and Bengio, Y.",
	booktitle="30th " # ICML,
	address="Atlanta, GA",
	year	="2013",
	month="16-21 " # JUN,
	publisher="Journal of Machine Learning Research"
}

@article{kuo17-recos,
	author="Kuo, C.-C. J.",
	title="The {CNN} as a Guided Multilayer {RECOS} Transform",
	journal=IEEE_M_SP,
	volume="34",
	number="3",
	pages="81-89",
	year	="2017",
	month=MAY
}

@inproceedings{kingma17-adam,
	title="{ADAM}: A Method for Stochastic Optimization",
	author="Kingma, D. P. and Ba, J. L.",
	booktitle="3rd " # ICLR,
	address="San Diego, CA",
	year	="2015",
	month= "7-9 " # MAY,
	publisher="Assoc. Comput. Linguistics"
}

@article{hornik91-activ,
	author="Hornik, K.",
	title="Approximation Capabilities of Multilayer Feedforward Networks",
	journal="Neural Networks",
	volume="4",
	pages="251-257",
	year	="1991",
	month="25 " # OCT
}

@article{hodgson85-rank,
	author="Hodgson, R. M. and Bailey, D. G. and Naylor, M. J. and Ng, A. L.M. and McNeill, S.J.",
	title="Properties, Implementations and Applications of Rank Filters",
	journal="Image and Vision Computing",
	volume="3",
	number="1",
	pages="3-14",
	year	="1985",
	month=FEB
}

@inproceedings{he15-rect,
	title="Delving Deep into Rectifiers: Surpassing Human-Level Performance on ImageNet Classification",
	author="He, K. and Zhang, X. and Ren, S. and Sun, J.",
	booktitle="2015 " # ICCV,
	address="Santiago, Chile",
	year	="2015",
	month="7-13 " # DEC,
	publisher="IEEE"
}

@inproceedings{scardapane18-kernelactiv,
	title="Improving Graph Convolutional Networks with Non-Parametric Activation Functions",
	author="Scardapane, S. and Van Vaerenbergh, S. and Comminiello, D. and Uncini, A.",
	booktitle="26th " # EUSIPCO,
  	pages="872--876",
  	year="2018",
  	month="3-7 " # SEP,
  	organization="IEEE"
}

@book{guido16-ml,
	author="Guido, S. and Muller, A.",
	title="Introduction to Machine Learning with Python",
	publisher="O'Reilly Media",
	address="Sebastopol, CA",
	year	="2016"
}

@inproceedings{segarra15-interp,
	author="Segarra, S. and G. Marques, A. and Leus, G. and Ribeiro, A.",
	title="Interpolation of graph signals using shift-invariant graph filters",
	booktitle="23rd " # EUSIPCO,
	address="Nice, France",
	year	="2015",
	month="31 Aug.-4 " # SEP,
	publisher="IEEE"
}

@article{gama18-sketch,
	author="Gama, F. and G. Marques, A. and Mateos, G. and Ribeiro, A.",
	title="Rethinking Sketching as Sampling: A Graph Signal Processing Approach",
	journal="Signal Processing",
  	volume="169",
  	pages="107404",
  	year="2020",
  	publisher="Elsevier"
}

@article{weiyu18-brain,
	author="Huang, W. and A. W. Bolton, T. and D. Medaglia, J. and S. Bassett, D. and Ribeiro, A. and Van De Ville, D.",
	title="A Graph Signal Processing Perspective on Functional Brain Imaging",
	journal=IEEE_J_PROC,
	volume="106",
	number="5",
	pages="868-885",
	year	="2018",
	month=MAR
}

@article{hagmann08-brain,
	author="Hagmann, P. and Cammoun, L. and Gigandet, X. and Meuli, R. and J. Honey, C. J. Wedeen, V. and Sporns, O.",
	title="Mapping the Structural Core of Human Cerebral Cortex",
	journal="PLoS Biol.",
	volume="6",
	number="7",
	pages="1479-1493",
	year	="2008",
	month=JUL
}

@article{sandryhaila13-dspg,
	author="Sandryhaila, A. and Moura, J. M. F.",
	title="Discrete Signal Processing on Graphs",
	journal=IEEE_J_SP,
	volume="61",
	pages="1644-1656",
	year	="2013",
	month=APR
}

@article{segarra17-linear,
	author="Segarra, S. and G. Marques, A. and Ribeiro, A.",
	title="Optimal Graph-Filter Design and Applications to Distributed Linear Network Operators",
	journal=IEEE_J_SP,
	volume="65",
	pages="4117-4131",
	year	="2017",
	month=AUG
}

@inproceedings{shen18-online,
	title="Online Identification OF Directional Graph Topologies Capturing Dynamic and Nonlinear Dependencies",
	author="Shen, Y. and Giannakis, G. B.",
	booktitle="2018 " # DSW,
	address="Lausanne, Switzerland",
	year	="2018",
	month="4-6 " # JUN,
	publisher="IEEE"
}

@article{yin96-wmf,
	author="Yin, L. and Yang, R. and Gabbouj, M. and Neuvo, Y.",
	title="Weighted Median Filters: a Tutorial",
	journal=IEEE_J_CASII,
	volume="43",
	number="3",
	pages="157-192",
	year	="1996",
	month=MAR
}

@inproceedings{segarra16-globalsip,
	title="Center-Weighted Median Graph Filters",
	author="Segarra, S. and G. Marques, A. and R. Arce, G. and Ribeiro, A.",	
	booktitle="2016 " # GLOBALSIP,
	address="Washington, DC",
	year	="2016",
	month="7-9 " # DEC,
	publisher="IEEE"
}

@inproceedings{segarra17-camsap,
	title="Design of Weighted Median Graph Filters",
	author="Segarra, S. and G. Marques, A. and R. Arce, G. and Ribeiro, A.",
	booktitle="2017 " # CAMSAP,
	address="Curacao, Netherlands Antilles",
	year	="2017",
	month="10-13 " # DEC,
	publisher="IEEE"
}

@book{rojas96-bp,
	author="Rojas, R.",
	title="The Backpropagation Algorithm. In: Neural Networks",
	publisher="Springer, Berlin, Heidelberg",
	year	="1996"
}

@article{eisen15-auth,
	author="Segarra, S. and Eisen, M. and Ribeiro, A.",
	title="Authorship Attribution Through Function Word Adjacency Networks",
	journal=IEEE_J_SP,
	volume="63",
	pages="5464 - 5478",
	year	="2015",
	month=JUN
}

@book{mosteller64-auth,
	author="Mosteller, F. and Wallace, D.",
	title="Inference and Disputed Authorship: The Federalist",
	publisher="Addison-Wesley",
	address="Norwood, MA",
	year	="1964"
}

@article{weiyu18-movie,
	author="Huang, W. and G. Marques, A. and Ribeiro, A.",
	title="Rating Prediction via Graph Signal Processing",
	journal=IEEE_J_SP,
	volume="66",
	pages="5066 - 5081",
	year	="2018",
	month=OCT
}

@inproceedings{monti17-movie,
	title="Geometric Matrix Completion with Recurrent
Multi-Graph Neural Networks",
	author="Monti, F. and M. Bronstein, M. and Bresson, X.",
	booktitle=NIPS,
	address="Long Beach, CA",
	year	="2017",
	month="4-9 " # DEC,
	publisher="NIPS Foundation"
}

@article{chandra04-sigmoid,
	author="Chandra, P. and Singh, Y.",
	title="An Activation Function Adapting Training Algorithm for Sigmoidal Feedforward Networks",
	journal="Neurocomputing",
	volume="61",
	pages="429-437",
	year	="2004",
	month=OCT
}

@inproceedings{ying18-pinterest,
	title="Graph Convolutional Neural Networks for Web-Scale Recommender Systems",
	author="Ying, R. and He, R. and Chen, K. and Eksombatchai, P. and L. Hamilton, W. and Leskovec, J.",
	booktitle="24th ACM SIGKDD Int. Conf. on Knowledge Discovery \& Data Mining",
	address="London, UK",
	year	="2018",
	month="19-23 " # AUG,
	publisher="Assoc. for Computing Machinery"
}

@article{srivastava14-dropout,
	author="Srivastava, N. and Hinton, G. and Krishevsky, A. and Sutskever, I. and Slakhutdinov, R.",
	title="Dropout: A Simple Way to Prevent Neural Networks from Overfitting",
	journal="Journal of Machine Learning Research",
	volume="15",
	pages="1929-1958",
	year	="2014",
	month=JUN
}

@article{segarra16-deconv,
	author="Segarra, S. and Mateos, G. and Marques, A. G. and Ribeiro, A.",
	title="Blind Identification of Graph Filters",
	journal=IEEE_J_SP,
  	volume="65",
  	pages="1146--1159",
  	year="2016",
  	publisher="IEEE"
}

@book{penrose07-rgg,
	author="Penrose, M.",
	title="Random Geometric Graphs",
	publisher="Oxford Scholarship Online",
	year	="2007"
}

@article{harper16-movielens,
	author="Harper, F. M. and Konstan, J. A.",
	title="The MovieLens Datasets: History and Context",
	journal="ACM Trans. Interactive Intell. Syst.",
	volume="5",
	pages="1-19",
	year	="2016",
	month=JAN
}

@article{avella2018centrality,
  	author="Avella-Medina, M. and Parise, F. and Schaub, M. and Segarra, S.",
  	title="Centrality Measures for Graphons: Accounting for Uncertainty in Networks",
  	journal="IEEE Trans. Netw. Sci. Eng.",
  	volume="7",
  	number="1",
  	pages="520--537",
  	year="2018",
  	publisher="IEEE"
}

@book{lovasz2012large,
  	author="Lov{\'a}sz, L.",
  	title="Large Networks and Graph Limits",
  	volume="60",
  	year="2012",
  	publisher="American Mathematical Society"
}

@article{seelmann2014notes,
  	author="Seelmann, A.",
  	title="Notes on the {sin 2$\Theta$} Theorem",
  	journal="Integral Equations and Operator Theory",
  	volume="79",
  	number="4",
  	pages="579-597",
  	year="2014",
  	publisher="Springer"
}

@article{wolfe2013nonparametric,
  	author="Wolfe, P. J. and Olhede, S. C.",
  	title="Nonparametric Graphon Estimation",
  	journal="arXiv:1309.5936 [math.ST]",
  	year="2013"
}

@inproceedings{alon2004approximating,
  	title="Approximating the Cut-Norm via {G}rothendieck's Inequality",
  	author="Alon, N. and Naor, A.",
  	booktitle="Proc. 36th Annu. {ACM} Symp. on Theory Comput.",
  	pages="72-80",
  	year="2004",
  	organization="ACM"
}

@book{lax02-functional,
	author="Lax, P. D.",
	title="Functional Analysis",
	publisher="Wiley",
	year	="2002"
}

@article{penrose2016connectivity,
  	author="Penrose, M. D.",
  	title="Connectivity of Soft Random Geometric Graphs",
  	journal="The Annals of Applied Probability",
  	volume="6",
  	number="2",
  	pages="986-1028",
  	year="2016",
  	publisher="Institute of Mathematical Statistics"
}

@article{gama2019ergodicity,
  	author="Gama, F. and Ribeiro, A.",
  	title="Ergodicity in Stationary Graph Processes: A Weak Law of Large Numbers",
  	journal=IEEE_J_SP,
  	volume="67",
  	pages="2761-2774",
  	year="2019",
  	publisher="IEEE",
  	month=MAY
}

@inproceedings{schaub19-spectral,
	title="Spectral Partitioning of Time-Varying Networks with Unobserved Edges",
	author="Schaub, M. T. and Segarra, S. and Wai, H-T.",
	booktitle="44th " # ICASSP,
	address="Brighton, UK",
	year	="2019",
	month="12-17 " # MAY,
	publisher="IEEE"
}

@inproceedings{rui2016dimensionality,
  	title="Dimensionality Reduction of Brain Imaging Data Using Graph Signal Processing",
  	author="Rui, L. and Nejati, H. and Cheung, N.",
  	booktitle="2016 IEEE Int. Conf. on Image Process.",
  	address="Phoenix, AZ",
  	pages="1329-1333",
  	year="2016",
  	month= "25-28 " # SEP,
  	publisher="IEEE"
}

@article{wills1999nicheworks,
  	author="Wills, G. J.",
  	title="{NicheWorks -} Interactive Visualization of Very Large Graphs",
  	journal="J. Comput. Graph. Stat.",
  	volume="8",
  	number="2",
  	pages="190-212",
  	year="1999",
  	publisher="Taylor \& Francis"
}

@inproceedings{leskovec2006sampling,
	title="Sampling from Large Graphs",
  	author="Leskovec, J. and Faloutsos, C.",
  	booktitle="12th ACM SIGKDD Int. Conf. on Knowledge Discovery \& Data Mining ",
  	pages="631-636",
  	year="2006",
  	organization="ACM"
}

@article{davidson1993monster,
  	author="Davidson, E. R. and Thompson, W. J.",  
  	title="Monster Matrices: Their Eigenvalues and Eigenvectors",
  	journal="Computers in Physics",
  	volume="7",
  	number="5",
  	pages="519-522",
  	year="1993",
  	publisher="AIP"
}

@article{morgan1991computing,
  	author="Morgan, R. B.",
  	title="Computing Interior Eigenvalues of Large Matrices",
  	journal="Linear Alg. Appl.",
  	volume="154",
  	pages="289-309",
  	year="1991",
  	publisher="Elsevier"
}

@phdthesis{paige1971computation,
  	author="Paige, C. C.",
  	title="The computation of Eigenvalues and Eigenvectors of Very Large Sparse Matrices",
  	year="1971",
  	school="University of London"
}

@inproceedings{parise2019graphon,
  	title="Graphon Games",
  	author="Parise, F. and Ozdaglar, A.",
  	booktitle="2019 ACM Conf. Econom. Comput.",
  	pages="457-458",
  	year="2019",
  	organization="ACM"
}

@book{arya1999air,
  	author="Arya, S. P. et al",
  	title="Air Pollution Meteorology and Dispersion",
  	volume="6",
  	year="1999",
  	publisher="Oxford University Press New York"
}

@inproceedings{airoldi2013stochastic,
	title="Stochastic Blockmodel Approximation of a Graphon: Theory and Consistent Estimation",
  	author="Airoldi, E. M. and Costa, T. B. and Chan, S. H.",
  	booktitle="27th " # NIPS,
  	pages="692-700",
  	year="2013",
  	publisher="NIPS Foundation"
}

@article{gama19-stability,
  	author="Gama, F. and Bruna, J. and Ribeiro, A.",
  	title="Stability Properties of Graph Neural Networks",
  	journal=IEEE_J_SP,
  	volume="68",
  	pages="5680-5695",
  	year="2020",
  	publisher="IEEE"
}

@article{diao2016model,
  	author="Diao, P. and Guillot, D. and Khare, A. and Rajaratnam, B.",
  	title="Model-Free Consistency of Graph Partitioning",
  	journal="arXiv:1608.03860 [math.CO]",
  	year="2016"
}

@article{eisen2019optimal,
  	author="Eisen, M. and Ribeiro, A.",
  	title="Optimal Wireless Resource Allocation with Random Edge Graph Neural Networks",
  	journal=IEEE_J_SP,
  	volume="68",
  	pages="2977-2991",
  	year="2020",
  	publisher="IEEE"
}

@incollection{hahn1997graph,
  	author="Hahn, G. and Tardif, C.",
  	title="Graph Homomorphisms: Structure and Symmetry",
 	booktitle="Graph Symmetry",
  	pages="107-166",
  	year="1997",
  	publisher="Springer"
}

@article{ortega2018graph,
  	author="Ortega, A. and Frossard, P. and Kova{\v{c}}evi{\'c}, J. and Moura, J. M. F. and Vandergheynst, P.",
  	title="Graph Signal Processing: Overview, Challenges, and Applications",
  	journal="Proc. IEEE",
  	volume="106",
  	number="5",
  	pages="808-828",
  	year="2018",
  	publisher="IEEE"
}

@inproceedings{morency2017signal,
  	title="Signal Processing on Kernel-Based Random Graphs",
  	author="Morency, M. W. and Leus, G.",
  	booktitle="25th " # EUSIPCO,
  	pages="365-369",
  	organization="IEEE",
  	year="2017"
}

@article{gao2018graphon,
  	author="Gao, S. and Caines, P. E.",
  	title="Graphon Control of Large-Scale Networks of Linear Systems",
  	journal=IEEE_J_AC,
  	volume="65",
  	number="10",
  	pages="4090-4105",
  	year="2019",
  	publisher="IEEE"
}

@article{lovasz2006limits,
 	author="Lov{\'a}sz, L. and Szegedy, B.",
  	title="Limits of Dense Graph Sequences",
  	journal="J. Comb. Theory, Series B",
 	volume="96",
  	number="6",
  	pages="933-957",
  	year="2006",
  	publisher="Elsevier"
}

@article{de2017adaptive,
  	author="De Castro, Y. and Lacour, C. and Ngoc, T. M. P.",
  	title="Adaptive Estimation of Nonparametric Geometric Graphs",
  	journal="Math. Stat. Learn.",
  	volume="2",
  	number="3",
  	pages="217-274",
  	year="2020"
}

@article{rohe2011spectral,
  	author="Rohe, K. and Chatterjee, S. and Yu, B. et al.",
  	title="Spectral Clustering and the High-Dimensional Stochastic Blockmodel",
  	journal="Ann. Stat.",
  	volume="39",
  	number="4",
  	pages="1878-1915",
  	year="2011",
  	publisher="Institute of Mathematical Statistics"
}

@inproceedings{xu2017rates,
	title="Rates of Convergence of Spectral Methods for Graphon Estimation",
  	author="Xu, J.",
  	booktitle="35th " # ICML,
  	pages="5433--5442",
  	year="2018",
  	organization="PMLR"
}

@article{gao2015rate,
  	author="Gao, C. and Lu, Y. and Zhou, H. H. et al.",
  	title="Rate-optimal Graphon Estimation",
  	journal="Ann. Stat.",
  	volume="43",
  	number="6",
  	pages="2624-2652",
  	year="2015",
  	publisher="Institute of Mathematical Statistics"
}

@inproceedings{xu2014edge,
  	title="Edge Label Inference in Generalized Stochastic Block Models: from Spectral Theory to Impossibility Results",
   	author="Xu, J. and Massouli{\'e}, L. and Lelarge, M.",
  	booktitle="Conf. Learn. Theory",
  	pages="903-920",
  	year="2014"
}

@article{borgs2012convergent,
  	author="Borgs, C. and Chayes, J. T. and Lov{\'a}sz, L. and S{\'o}s, V. T. and Vesztergombi, K.",
  	title="Convergent Sequences of Dense Graphs II. Multiway Cuts and Statistical Physics",
  	journal="Ann. Math.",
  	volume="176",
  	number="1",
  	pages="151-219",
  	year="2012",
  	publisher="Princeton University and the Institute for Advanced Study"
}

@article{borgs2008convergent,
  	author="Borgs, C. and Chayes, J. T. and Lov{\'a}sz, L. and S{\'o}s, V. T. and Vesztergombi, K.",
  	title="Convergent Sequences of Dense Graphs I: Subgraph Frequencies, Metric Properties and Testing",
  	journal="Adv. Math.",
  	volume="219",
  	number="6",
  	pages="1801-1851",
  	year="2008",
  	publisher="Elsevier"
}

@inproceedings{tolstaya2020learning,
	title="Learning Decentralized Controllers for Robot Swarms with Graph Neural Networks",
	author="Tolstaya, E. and Gama, F. and Paulos, J. and Pappas, G. and Kumar, V. and Ribeiro, A.",
	booktitle="Conf. Robot Learn.",
	address="Osaka, Japan",
	year	="2019",
	month="30 " # OCT # "-1 " # NOV,
	publisher="International Foundation of Robotics Research"
}

@inproceedings{khan2020graph,
  	title="Graph Policy Gradients for Large Scale Robot Control",
  	author="Khan, A. and Tolstaya, E. and Ribeiro, A. and Kumar, V.",
  	booktitle="Conf. Robot Learn.",
  	pages="823-834",
  	year="2020"
}

@article{ramakrishna2020user,
  	title="A User Guide to Low-Pass Graph Signal Processing and Its Applications: Tools and Applications",
  	author="Ramakrishna, R. and Wai, H-T. and Scaglione, A.",
  	journal=IEEE_M_SP,
  	volume="37",
  	number="6",
  	pages="74-85",
  	year="2020",
  	publisher="IEEE"
}

@inproceedings{du2018graph,
    title="On Graph Convolution for Graph {CNNs}",
    author="Du, J. and Shi, J. and Kar, S. and Moura, J. M. F.",
    booktitle="2018 " # DSW,
    pages="239-243",
    address="Lausanne, Switzerland",
    year	="2018",
    month="4-6 " # JUN,
    publisher="IEEE"
}

@article{chung2011spectra,
  	title="On the Spectra of General Random Graphs",
  	author="Chung, F. and Radcliffe, M.",
  	journal="Eletron. J. Comb.",
  	pages="P215-P215",
  	year="2011"
}

@article{gama2020graphs,
  	title="Graphs, Convolutions, and Neural Networks: From Graph Filters to Graph Neural Networks",
  	author="Gama, F. and Isufi, E. and Leus, G. and Ribeiro, A.",
  	journal=IEEE_M_SP,
  	volume="37",
  	number="6",
  	pages="128-138",
  	year="2020",
  	publisher="IEEE"
}

@article{vizuete2020laplacian,
  	title="The {L}aplacian Spectrum of Large Graphs Sampled from Graphons",
  	author="Vizuete, R. and Garin, F. and Frasca, P.",
  	journal="IEEE Trans. Netw. Sci. Eng.",
  	volume="8",
  	number="2",
  	pages="1711-1721",
  	year="2021",
  	publisher="IEEE"
}

@article{levie2019transferability,
  	title="Transferability of Spectral Graph Convolutional Neural Networks",
  	author="Levie, R. and Huang, W. and Bucci, L. and Bronstein, M. and Kutyniok, G.",
  	journal=JMLR,
  	volume="22",
  	number="272",
  	pages="1-59",
  	year="2021"
}

@article{maskey2021transferability,
  	title="Transferability of Graph Neural Networks: an Extended Graphon Approach",
  	author="Maskey, S. and Levie, R. and Kutyniok, G.",
  	journal="arXiv:2109.10096 [cs.LG]",
  	year="2021"
}

@inproceedings{keriven2020convergence,
  	title="Convergence and Stability of Graph Convolutional Networks on Large Random Graphs",
  	author="Keriven, N. and Bietti, A. and Vaiter, S.",
  	booktitle="34th " # NeurIPS,
  	volume="33",
  	pages="21512--21523",
  	year="2020",
  	publisher="NeurIPS FOundation"
}

@article{morency2021graphon,
  	title="Graphon Filters: Graph Signal Processing in the Limit",
  	author="Morency, M. W. and Leus, G.",
  	journal=IEEE_J_SP,
  	volume="69",
  	pages="1740-1754",
  	year="2021",
  	publisher="IEEE"
}

@inproceedings{gama2019stabilityscat,
    title="Stability of Graph Scattering Transforms",
    author="Gama, F. and Bruna, J. and Ribeiro, A.",
    booktitle="33rd " # NeurIPS,
    address="Vancouver, BC",
    year="2019",
    month="8-14 " # DEC,
    publisher="NeuriPS Foundation"
}

@inproceedings{vaswani2017attention,
  	title="Attention is All You Need",
  	author="Vaswani, A. and Shazeer, N. and Parmar, N. and Uszkoreit, J. and Jones, L. and Gomez, A. N. and Kaiser, {\L}. and Polosukhin, I.",
  	booktitle=NIPS,
  	pages="5998-6008",
  	year="2017",
  	publisher="NIPS Foundation"
}

@article{boukrab2021random,
  	title="Random-Walk Laplacian for Frequency Analysis in Periodic Graphs",
  	author="Boukrab, R. and Pag\`es-Zamora, A.",
  	journal="Sensors",
  	volume="21",
  	number="4",
  	pages="1275",
  	year="2021",
  	publisher="Multidisciplinary Digital Publishing Institute"
}

@inproceedings{gama2021graph,
  	title="Graph Neural Networks for Decentralized Controllers",
  	author="Gama, F. and Tolstaya, E. and Ribeiro, A.",
  	booktitle="47th " # ICASSP,
  	pages="5260-5264",
  	year="2021",
  	organization="IEEE"
}

@article{borgs2019lp,
  	title="An $L^p$ Theory of Sparse Graph Convergence {I}: Limits, Sparse Random Graph Models, and Power Law Distributions",
  	author="Borgs, C. and Chayes, J. and Cohn, H. and Zhao, Y.",
  	journal="Trans. Am. Math. Soc.",
  	volume="372",
  	number="5",
  	pages="3019-3062",
  	year="2019"
}

@article{henaff2015deep,
	author="Henaff, M. and Bruna, J. and LeCun, Y.",
    title="Deep Convolutional Networks on Graph-Structured Data",
    journal="arXiv:1506.05163v1 [cs.LG]",
    year="2015"
}

@article{ZouLerman18-Scattering,
	author="Zou, D. and Lerman, G.",
    title="Graph Convolutional Neural Networks via Scattering",
    journal=ELSEVIER_J_ACHA,
    year="2019",
    month="13 " # JUN,
    url="http://doi.org/10.1016/j.acha.2019.06.003"
}

@inproceedings{rezatofighi17-deepsetnet,
    title="{DeepSetNet}: Predicting Sets with Deep Neural Networks",
    author="Rezatofighi, S. H. and Kumar B. G., V. and Milan, A. and Abbasnejad, E. and Dick, A. and Reid, I.",
    booktitle="3rd " # ICCV,
    pages="5247-5256",
    address="Venice, Italy",
    year="2017",
    month="22-29 " # OCT,
    publisher="Comput. Vision Foundation"
}

@inproceedings{zaheer17-deepsets,
    title="Deep Sets",
    author="Zaheer, M. and Kottur, S. and Ravanbhakhsh, S. and P\'{o}czos, B. and Salakhutdinov, R. and Smola, A. J.",
    booktitle=NIPS,
    pages="1-11",
    address="Long Beach, CA",
    year="2017",
    month="4-9 " # DEC,
    publisher="NIPS Foundation"
}

@book{newman2018networks,
    author="Newman, M. E. J.",
    title="Networks: An Introduction",
    publisher="Oxford University Press",
    address="New York, NY",
    year="2010"
}

@article{ErdosRenyi59-RandomGraphs,
    author="Erd{\H{o}}s, P. and R{\'e}nyi, A.",
    title="On Random Graphs {I}",
    journal="Publicationes Mathematicae Debrecen",
    volume="6",
    pages="290-297",
    year="1959"
}

@inproceedings{xu2018how,
    title="How Powerful are Graph Neural Networks?",
    author="Xu, K. and Hu, W. and Leskovec, J. and Jegelka, S.",
    booktitle="7th " # ICLR,
    pages="1-17",
    address="New Orleans, LA",
    year="2019",
    month="6-9 " # MAY,
    publisher="Assoc. Comput. Linguistics"
}

@article{girault2015translation,
  	title="Translation and Stationarity for Graph Signals",
  	author="Girault, B. and Gon{\c{c}}alves, P. and Fleury, E.",
  	journal="{E}cole {N}ormale {S}up{\'e}rieure de {L}yon, {I}nria {R}h{\^o}ne-{A}lpes, {R}esearch 	Report {RR}-8719",
  	month= APR,
  	year="2015"
}

@article{marques2017stationary,
  	title="Stationary Graph Processes and Spectral Estimation",
  	author="Marques, A. G. and Segarra, S. and Leus, G. and Ribeiro, A.",
  	journal=IEEE_J_SP,
  	volume="65",
  	pages="5911-5926",
  	year="2017",
  	publisher="IEEE"
}

@article{grassi2017time,
	author="Grassi, F. and Loukas, A. and Perraudin, N. and Ricaud, B.",
    title="A Time-Vertex Signal Processing Framework: Scalable Processing and Meaningful Representations for Time-Series on Graphs",
    journal=IEEE_J_SP,
    volume="66",
    pages="817-829",
    year="2018",
}

@article{perraudin2017stationary,
	author="Perraudin, N. and Vandergheynst, P.",
    title="Stationary Signal Processing on Graphs",
    journal=IEEE_J_SP,
    volume="65",
    pages="3462-3477",
    year="2017"
}

@article{pascanu2013construct,
  	author="Pascanu, R. and Gulcehre, C. and Cho, K. and Bengio, Y.",
  	title="How to Construct Deep Recurrent Neural Networks",
  	journal="arXiv:1312.6026 [cs.NE]",
  	year	="2014",
}

@article{graves2013generating,
  	author="Graves, A.",
  	title="Generating Sequences with Recurrent Neural Networks",
  	journal="arXiv:1308.0850 [cs.NE]",
  	year	="2014"
}

@article{schuster1997bidirectional,
  	author="Schuster, M. and Paliwal, K. K.",
  	title="Bidirectional Recurrent Neural Networks",
  	journal=IEEE_J_SP,
  	volume="45",
  	pages="2673-2681",
  	year="1997",
  	publisher="IEEE"
}

@inproceedings{seo2018structured,
  	title="Structured Sequence Modeling with Graph Convolutional Recurrent Networks",
  	author="Seo, Y. and Defferrard, M. and Vandergheynst, P. and Bresson, X.",
  	booktitle="32nd " # NeurIPS,
  	pages="362-373",
  	address="Montreal, QC",
  	year="2018",
  	month="3-8 " # DEC,
  	organization="Springer"
}

@inproceedings{li2017diffusion,
    title="Diffusion Convolutional Recurrent Neural Network: Data-Driven Traffic Forecasting",
    author="Li, Y. and Yu, R. and Shahabi, C. and Liu, Y.",
    booktitle=ICLR # " 2018",
    address="Vancouver, BC",
    year="2018",
    month="30 " # APR # "-3 " # MAY,
    publisher="Assoc. Comput. Linguistics"
}

@inproceedings{zhang2018gaan,
    title="{GaAN}: Gated Attention Networks for Learning on Large and Spatiotemporal Graphs",
    author="Zhang, J. and Shi, X. and Xie, J. and Ma, H. and King, I. and Yeung, D.-Y.",
    booktitle="Conf. Uncertainty Artificial Intell. 2018",
    number="139",
    address="Monterey, CA",
    year="2018",
    month="6-10 " # AUG,
    publisher="Assoc. Uncertainty Artificial Intell."
}

@inproceedings{yu2017spatio,
    title="Spatio-Temporal Graph Convolutional Networks: A Deep Learning Framework for Traffic Forecasting",
    author="Yu, B. and Yin, H. and Zhu, Z.",
    booktitle="27th Int. Joint Conf. Artificial Intell.",
    pages="3634-3640",
    address="Stockholm, Sweden",
    year="2018",
    month="13-19 " # JUL,
    publisher="Eur. Assoc. Artificial Intell."
}

@inproceedings{ioannidis2018recurrent,
    title="A Recurrent Graph Neural Network for Multi-Relational Data",
    author="Ioannidis, V. N. and G. Marques, A. and Giannakis, G. B.",
    booktitle="44th " # ICASSP,
    address="Brighton, UK",
    year="2019",
    month="12-17 " # MAY,
    publisher="IEEE"
}

@inproceedings{Velickovic18-GraphAttentionNetworks,
	title="Graph Attention Networks",
	author="Veli{\v{c}}kovi{\'{c}}, P. and Cucurull, G. and Casanova, A. and Romero, A. and Li{\`{o}}, P. and Bengio, Y.",
	booktitle=ICLR # " 2018",
	pages="1-12",
	address="Vancouver, BC",
	year="2018",
	month="30 " # APR # "-3 " # MAY,
	publisher="Assoc. Comput. Linguistics"
}

@article{li2015gated,
  	author="Li, Y. and Tarlow, D. and Brockschmidt, M. and Zemel, R.",
  	title="Gated Graph Sequence Neural Networks",
  	journal="arXiv:1511.05493 [cs.LG]",
  	year	="2017"
}

@inproceedings{Li20-Planning,
    title="Graph Neural Networks for Decentralized Multi-Robot Path Planning",
    author="Li, Q. and Gama, F. and Ribeiro, A. and Prorok, A.",
    booktitle="Int. Conf. Intell. Robots Syst.",
    address="Las Vegas, NV",
    year="2020",
    month="25-29 " # OCT,
    publisher="IEEE"
}

@inproceedings{wu2020evonet,
  	title="{E}vo{N}et: A Neural Network for Predicting the Evolution of Dynamic Graphs",
  	author="Wu, C. and Nikolentzos, G. and Vazirgiannis, M.",
  	booktitle="Int. Conf. Artif. Neural Netw.",
  	pages="594-606",
  	year="2020",
  	organization="Springer"
}

@inproceedings{baziotis2017datastories,
  	title="{DataStories} at {SemEval-2017 Task 4}: Deep {LSTM} with attention for message-level and topic-based sentiment analysis",
  	author="Baziotis, C. and Pelekis, N. and Doulkeridis, C.",
  	booktitle="11th Int. Workshop on Semantic Eval.",
  	pages="747-754",
  	address="Vancouver, BC",
  	year="2017",
  	month=AUG
}

@inproceedings{miao2015eesen,
  	title="{EESEN}: {End-to-end} Speech Recognition Using Deep {RNN} Models and {WFST}-Based Decoding",
  	author="Miao, Y. and Gowayyed, M. and Metze, F.",
  	booktitle="IEEE Workshop Autom. Speech Recognit. Understanding",
  	pages="167-174",
  	address="Scottsdale, AZ",
  	year="2015",
  	month="13-17 " # DEC,
  	organization="IEEE"
}

@inproceedings{graves2013speech,
  	title="Speech Recognition with Deep Recurrent Neural Networks",
  	author="Graves, A. and Mohamed, A. and Hinton, G.",
  	booktitle="38th " # ICASSP,
  	pages="6645-6649",
  	address="Vancouver, BC",
  	year	="2013",
  	month="26-31 " # MAY,
  	organization="IEEE"
}
  
@article{Isufi20-EdgeNets,
	author="Isufi, E. and Gama, F. and Ribeiro, A.",
	title="{E}dge{N}ets: Edge Varying Graph Neural Networks",
	journal=IEEE_J_PAMI ,
	year	="2021",
	url="https://ieeexplore.ieee.org/document/9536420"
}

@article{pascanu2012understanding,
  	author="Pascanu, R. and Mikolov, T. and Bengio, Y.",
  	title="Understanding the Exploding Gradient Problem",
  	journal="CoRR, abs/1211.5063",
  	volume="2",
  	year="2012"
}

@article{bengio1994learning,
  	author="Bengio, Y. and Simard, P. and Frasconi, P.",
    title="Learning Long-Term Dependencies with Gradient Descent is Difficult",
  	journal=IEEE_J_NN,
  	volume="5",
  	number="2",
  	pages="157-166",
  	year="1994"
}

@article{susnjara2015accelerated,
  	title="Accelerated Filtering on Graphs Using Lanczos Method",
  	author="Susnjara, A. and Perraudin, N. and Kressner, D. and Vandergheynst, P.",
  	journal="arXiv:1509.04537 [math.NA]",
  	year="2015"
}

@article{liao2019lanczosnet,
  	title="Lanczosnet: {M}ulti-scale Deep Graph Convolutional Networks",
  	author="Liao, R. and Zhao, Z. and Urtasun, R. and Zemel, R. S.",
  	journal="arXiv:1901.01484 [cs.LG]",
  	year="2019"
}

@inproceedings{luan2019break,
  	title="Break the Ceiling: Stronger Multi-Scale Deep Graph Convolutional Networks",
  	author="Luan, S. and Zhao, M. and Chang, X. and Precup, D.",
  	booktitle= "33rd " # NeurIPS,
  	pages="10945-10955",
  	year="2019",
  	publisher="NeurIPS Foundation"
}

@inproceedings{Gama18-NodeVariant,
	title="Convolutional Neural Networks via Node-Varying Graph Filters",
	author="Gama, F. and Leus, G. and G. Marques, A. and Ribeiro, A.",
	booktitle="2018 " # DSW,
	pages="220-224",
	address="Lausanne, Switzerland",
	year="2018",
	month="4-6 " # JUN,
	publisher="IEEE"
}

@article{contino2017distributed,
	author="Coutino, M. and Isufi, E. and Leus, G.",
	title="Advances in Distributed Graph Filtering",
	journal=IEEE_J_SP,
	volume="67",
	pages="2320-2333",
	year="2019"
}

@inproceedings{isufi19-edgenets,
	title="Generalizing Graph Convolutional Neural Networks with Edge-Variant Recursions on Graphs",
    author="Isufi, E. and Gama, F. and Ribeiro, A.",
    booktitle="27th " # EUSIPCO,
    address="A Coru\~{n}a, Spain",
    year="2019",
    month="2-6 " # SEP,
    publisher=EURASIP
}

@inproceedings{virmaux2018lipschitz,
  	title="Lipschitz Regularity of Deep Neural Networks: Analysis and Efficient Estimation",
  	author="Virmaux, A. and Scaman, K.",
  	booktitle= "32nd" # NeurIPS,
  	pages="3835-3844",
  	year="2018",
  	publisher="NeurIPS Foundation"
}

@misc{geonet,
    author="{Earthquake Commission} and {GNS Science} and {Land Information New Zealand}",
    title="GeoNet",
    year="2019",
    month="20 " # FEB,
    howpublished="https://www.geonet.org.nz/"
}

@article{jagadish2014big,
  	title="Big Data and its Technical Challenges",
  	author="Jagadish, H. V. and Gehrke, J. and Labrinidis, A. and Papakonstantinou, Y. and Patel, J. M. and Ramakrishnan, R. and Shahabi, C.",
  	journal="Comm. of the ACM",
  	volume="57",
  	number="7",
  	pages="86-94",
  	year="2014",
  	publisher="ACM New York, NY, USA"
}

@article{fournet2017estimating,
  	title="Estimating the Epidemic Risk Using Non-Uniformly Sampled Contact Data",
  	author="Fournet, J. and Barrat, A.",
  	journal="Sci. Rep.",
  	volume="7",
  	number="1",
  	pages="1-14",
  	year="2017",
  	publisher="Nature Publishing Group"
}

@article{mastrandrea2015contact,
  	title="Contact Patterns in a High School: A Comparison between Data Collected Using Wearable Sensors, Contact Diaries and Friendship Surveys",
  	author="Mastrandrea, R. and Fournet, J. and Barrat, A.",
  	journal="PloS one",
  	volume="10",
  	number="9",
  	year="2015",
  	publisher="Public Library of Science"
}

@book{Daubechies92-Wavelets,
	author="Daubechies, I.",
	title="Ten Lectures on Wavelets",
	publisher="SIAM",
	volume="61", 
	series="CBMS-NSF Regional Conf. Series Appl. Math.",
	address="Philadelphia, PA",
	year="1992"
}

@inproceedings{pascanu2013difficulty,
	title="On the Difficulty of Training Recurrent Neural Networks",
  	author="Pascanu, R. and Mikolov, T. and Bengio, Y.",
  	booktitle="30th " # ICML,
  	pages="1310-1318",
  	address="Atlanta, GA",
  	year="2013",
  	month="16-21 " # JUN
}

@article{kerr2009gromov,
  	title="On {G}romov-{H}ausdorff Convergence for Operator Metric Spaces",
  	author="Kerr, D. and Li, H.",
  	journal="J. Oper. Theory",
  	pages="83-109",
  	year="2009",
  	publisher="JSTOR"
}

@inproceedings{gilmer2017neural,
        title="Neural message passing for quantum chemistry",
        author="Gilmer, J. and Schoenholz, S. and Riley, P. and Vinyals, O. and Dahl, G.",
        booktitle=ICLR,
        pages="1263--1272",
        year="2017",
        organization="PMLR"
}

@article{newman2013spectral,
        title="Spectral methods for community detection and graph partitioning",
        author="Newman, M.",
        journal="Physical Review E—Statistical, Nonlinear, and Soft Matter Physics",
        volume="88",
        number="4",
        year="2013",
        publisher="APS"
}

@book{robbin2022introduction,
        title="Introduction to differential geometry",
        author="Robbin, J. and Salamon, D.",
        year="2022",
        publisher="Springer Nature"
}

@article{petersen2006riemannian,
        title="Riemannian Geometry",
        author="Petersen, P.",
        journal="Graduate Texts in Mathematics/Springer-Verlarg",
        year="2006"
}

@book{berard2006spectral,
        title="Spectral geometry: direct and inverse problems",
        author="B{\'e}rard, P.",
        volume="1207",
        year="2006",
        publisher="Springer"
}

@article{belkin2008towards,
        title="Towards a theoretical foundation for Laplacian-based manifold methods",
        author="Belkin, M. and Niyogi, P.",
        journal="Journal of Computer and System Sciences",
        volume="74",
        number="8",
        pages="1289--1308",
        year="2008",
        publisher="Elsevier"
}

@article{fefferman2016testing,
        title="Testing the manifold hypothesis",
        author="Fefferman, C. and Mitter, S. and Narayanan, H.",
        journal="Journal of the American Mathematical Society",
        volume="29",
        number="4",
        pages="983--1049",
        year="2016"
}

@article{wang2024stability,
        title="Stability to deformations of manifold filters and manifold neural networks",
        author="Wang, Z. and Ruiz, L. and Ribeiro, A.",
        journal= IEEE_J_SP,
        year="2024",
        publisher="IEEE"
}







@article{belkin2003laplacian,
  title={Laplacian eigenmaps for dimensionality reduction and data representation},
  author={Belkin, Mikhail and Niyogi, Partha},
  journal={Neural computation},
  volume={15},
  number={6},
  pages={1373--1396},
  year={2003},
  publisher={MIT Press}
}

@article{belkin2006convergence,
        title="Convergence of Laplacian eigenmaps",
        author="Belkin, M. and Niyogi, P.",
        journal= NIPS,
        volume="19",
        year="2006"
}


@article{dunson2021spectral,
  title={Spectral convergence of graph Laplacian and heat kernel reconstruction in L∞ from random samples},
  author={Dunson, David B and Wu, Hau-Tieng and Wu, Nan},
  journal={Applied and Computational Harmonic Analysis},
  volume={55},
  pages={282--336},
  year={2021},
  publisher={Elsevier}
}

@article{calder2022improved,
  title={Improved spectral convergence rates for graph Laplacians on $\varepsilon$-graphs and k-NN graphs},
  author={Calder, Jeff and Trillos, Nicolas Garcia},
  journal={Applied and Computational Harmonic Analysis},
  volume={60},
  pages={123--175},
  year={2022},
  publisher={Elsevier}
}










@article{singer2006graph,
  title={From graph to manifold Laplacian: The convergence rate},
  author={Singer, Amit},
  journal={Applied and Computational Harmonic Analysis},
  volume={21},
  number={1},
  pages={128--134},
  year={2006},
  publisher={Elsevier}
}

@article{singer2017spectral,
  title={Spectral convergence of the connection Laplacian from random samples},
  author={Singer, Amit and Wu, Hau-Tieng},
  journal={Information and Inference: A Journal of the IMA},
  volume={6},
  number={1},
  pages={58--123},
  year={2017},
  publisher={Oxford University Press}
}




@article{genovese2012minimax,
  title={Minimax manifold estimation},
  author={Genovese, Christopher R and Perone Pacifico, Marco and Verdinelli, Isabella and Wasserman, Larry and others},
  journal={Journal of machine learning research},
  volume={13},
  pages={1263--1291},
  year={2012}
}

@article{lin2008riemannian,
  title={Riemannian manifold learning},
  author={Lin, Tong and Zha, Hongbin},
  journal={IEEE transactions on pattern analysis and machine intelligence},
  volume={30},
  number={5},
  pages={796--809},
  year={2008},
  publisher={IEEE}
}

@article{zhang2011adaptive,
  title={Adaptive manifold learning},
  author={Zhang, Zhenyue and Wang, Jing and Zha, Hongyuan},
  journal={IEEE transactions on pattern analysis and machine intelligence},
  volume={34},
  number={2},
  pages={253--265},
  year={2011},
  publisher={IEEE}
}

@inproceedings{talwalkar2008large,
  title={Large-scale manifold learning},
  author={Talwalkar, Ameet and Kumar, Sanjiv and Rowley, Henry},
  booktitle={2008 IEEE Conference on Computer Vision and Pattern Recognition},
  pages={1--8},
  year={2008},
  organization={IEEE}
}

@article{wang2016auto,
  title={Auto-encoder based dimensionality reduction},
  author={Wang, Yasi and Yao, Hongxun and Zhao, Sicheng},
  journal={Neurocomputing},
  volume={184},
  pages={232--242},
  year={2016},
  publisher={Elsevier}
}



@article{kingma2019introduction,
  title={An introduction to variational autoencoders},
  author={Kingma, Diederik P and Welling, Max and others},
  journal={Foundations and Trends{\textregistered} in Machine Learning},
  volume={12},
  number={4},
  pages={307--392},
  year={2019},
  publisher={Now Publishers, Inc.}
}

@article{doersch2016tutorial,
  title={Tutorial on variational autoencoders},
  author={Doersch, Carl},
  journal={arXiv preprint arXiv:1606.05908},
  year={2016}
}

@inproceedings{kusner2017grammar,
  title={Grammar variational autoencoder},
  author={Kusner, Matt J and Paige, Brooks and Hern{\'a}ndez-Lobato, Jos{\'e} Miguel},
  booktitle={International conference on machine learning},
  pages={1945--1954},
  year={2017},
  organization={PMLR}
}

@article{dilokthanakul2016deep,
  title={Deep unsupervised clustering with gaussian mixture variational autoencoders},
  author={Dilokthanakul, Nat and Mediano, Pedro AM and Garnelo, Marta and Lee, Matthew CH and Salimbeni, Hugh and Arulkumaran, Kai and Shanahan, Murray},
  journal={arXiv preprint arXiv:1611.02648},
  year={2016}
}

@article{pu2016variational,
  title={Variational autoencoder for deep learning of images, labels and captions},
  author={Pu, Yunchen and Gan, Zhe and Henao, Ricardo and Yuan, Xin and Li, Chunyuan and Stevens, Andrew and Carin, Lawrence},
  journal={Advances in neural information processing systems},
  volume={29},
  year={2016}
}

@article{dai2018syntax,
  title={Syntax-directed variational autoencoder for structured data},
  author={Dai, Hanjun and Tian, Yingtao and Dai, Bo and Skiena, Steven and Song, Le},
  journal={arXiv preprint arXiv:1802.08786},
  year={2018}
}

@article{fazlyab2024certified,
  title={Certified robustness via dynamic margin maximization and improved lipschitz regularization},
  author={Fazlyab, Mahyar and Entesari, Taha and Roy, Aniket and Chellappa, Rama},
  journal={Advances in Neural Information Processing Systems},
  volume={36},
  year={2024}
}

@article{chamon2022constrained,
  title={Constrained learning with non-convex losses},
  author={Chamon, Luiz FO and Paternain, Santiago and Calvo-Fullana, Miguel and Ribeiro, Alejandro},
  journal={IEEE Transactions on Information Theory},
  volume={69},
  number={3},
  pages={1739--1760},
  year={2022},
  publisher={IEEE}
}

@inproceedings{wu20153d,
  title={3d shapenets: A deep representation for volumetric shapes},
  author={Wu, Zhirong and Song, Shuran and Khosla, Aditya and Yu, Fisher and Zhang, Linguang and Tang, Xiaoou and Xiao, Jianxiong},
  booktitle={Proceedings of the IEEE conference on computer vision and pattern recognition},
  pages={1912--1920},
  year={2015}
}

@inproceedings{gori2005new,
  title={A new model for learning in graph domains},
  author={Gori, Marco and Monfardini, Gabriele and Scarselli, Franco},
  booktitle={Proceedings. 2005 IEEE international joint conference on neural networks, 2005.},
  volume={2},
  pages={729--734},
  year={2005},
  organization={IEEE}
}

@article{hamilton2017inductive,
  title={Inductive representation learning on large graphs},
  author={Hamilton, Will and Ying, Zhitao and Leskovec, Jure},
  journal={Advances in neural information processing systems},
  volume={30},
  year={2017}
}

@article{anis2016efficient,
  title={Efficient sampling set selection for bandlimited graph signals using graph spectral proxies},
  author={Anis, Aamir and Gadde, Akshay and Ortega, Antonio},
  journal={IEEE Transactions on Signal Processing},
  volume={64},
  number={14},
  pages={3775--3789},
  year={2016},
  publisher={IEEE}
}

@article{chen2019equivalence,
  title={On the equivalence between graph isomorphism testing and function approximation with gnns},
  author={Chen, Zhengdao and Villar, Soledad and Chen, Lei and Bruna, Joan},
  journal={Advances in neural information processing systems},
  volume={32},
  year={2019}
}

