@InProceedings{C2,
  author = 	 "Jones, C.D. and Smith, A.B. and Roberts, E.F.",
  title =        "Article Title",
  booktitle =        "Proceedings Title",
  organization = "IEEE",
  year = 	 "2003",
  volume = 	 "II",
  pages = 	 "803-806"
}
@inproceedings{narang2011downsampling,
  title={Downsampling graphs using spectral theory},
  author={Narang, Sunil K and Ortega, Antonio},
  booktitle={2011 IEEE International Conference on Acoustics, Speech and Signal Processing (ICASSP)},
  pages={4208--4211},
  year={2011},
  organization={IEEE}
}
@article{nguyen2014downsampling,
  title={Downsampling of signals on graphs via maximum spanning trees},
  author={Nguyen, Ha Q and Do, Minh N},
  journal={IEEE Transactions on Signal Processing},
  volume={63},
  number={1},
  pages={182--191},
  year={2014},
  publisher={IEEE}
}
@inproceedings{zhu2021graph,
  title={Graph neural networks with heterophily},
  author={Zhu, Jiong and Rossi, Ryan A and Rao, Anup and Mai, Tung and Lipka, Nedim and Ahmed, Nesreen K and Koutra, Danai},
  booktitle={Proceedings of the AAAI conference on artificial intelligence},
  volume={35},
  number={12},
  pages={11168--11176},
  year={2021}
}
@article{mcpherson2001birds,
  title={Birds of a feather: Homophily in social networks},
  author={McPherson, Miller and Smith-Lovin, Lynn and Cook, James M},
  journal={Annual review of sociology},
  volume={27},
  number={1},
  pages={415--444},
  year={2001},
  publisher={Annual Reviews 4139 El Camino Way, PO Box 10139, Palo Alto, CA 94303-0139, USA}
}
@article{majeed2020graph,
  title={Graph theory: A comprehensive survey about graph theory applications in computer science and social networks},
  author={Majeed, Abdul and Rauf, Ibtisam},
  journal={Inventions},
  volume={5},
  number={1},
  pages={10},
  year={2020},
  publisher={MDPI}
}
@article{pavlopoulos2011using,
  title={Using graph theory to analyze biological networks},
  author={Pavlopoulos, Georgios A and Secrier, Maria and Moschopoulos, Charalampos N and Soldatos, Theodoros G and Kossida, Sophia and Aerts, Jan and Schneider, Reinhard and Bagos, Pantelis G},
  journal={BioData mining},
  volume={4},
  pages={1--27},
  year={2011},
  publisher={Springer}
}
@article{wu2014pathway,
  title={Pathway and network analysis in proteomics},
  author={Wu, Xiaogang and Al Hasan, Mohammad and Chen, Jake Yue},
  journal={Journal of theoretical biology},
  volume={362},
  pages={44--52},
  year={2014},
  publisher={Elsevier}
}
@article{jiang2022graph,
  title={Graph-based deep learning for communication networks: A survey},
  author={Jiang, Weiwei},
  journal={Computer Communications},
  volume={185},
  pages={40--54},
  year={2022},
  publisher={Elsevier}
}
@inproceedings{yang2016revisiting,
  title={Revisiting semi-supervised learning with graph embeddings},
  author={Yang, Zhilin and Cohen, William and Salakhudinov, Ruslan},
  booktitle={International conference on machine learning},
  pages={40--48},
  year={2016},
  organization={PMLR}
}
@inproceedings{geng2023pyramid,
  title={Pyramid graph neural network: A graph sampling and filtering approach for multi-scale disentangled representations},
  author={Geng, Haoyu and Chen, Chao and He, Yixuan and Zeng, Gang and Han, Zhaobing and Chai, Hua and Yan, Junchi},
  booktitle={Proceedings of the 29th ACM SIGKDD Conference on Knowledge Discovery and Data Mining},
  pages={518--530},
  year={2023}
}
@article{ruiz2021graph,
  title={Graph neural networks: Architectures, stability, and transferability},
  author={Ruiz, Luana and Gama, Fernando and Ribeiro, Alejandro},
  journal={Proceedings of the IEEE},
  volume={109},
  number={5},
  pages={660--682},
  year={2021},
  publisher={IEEE}
}
@article{ruiz2023transferability,
  title={Transferability properties of graph neural networks},
  author={Ruiz, Luana and Chamon, Luiz FO and Ribeiro, Alejandro},
  journal={IEEE Transactions on Signal Processing},
  year={2023},
  publisher={IEEE}
}
@inproceedings{ruiz2024spectral,
  title={A Spectral Analysis of Graph Neural Networks on Dense and Sparse Graphs},
  author={Ruiz, Luana and Huang, Ningyuan Teresa and Villar, Soledad},
  booktitle={ICASSP 2024-2024 IEEE International Conference on Acoustics, Speech and Signal Processing (ICASSP)},
  pages={9936--9940},
  year={2024},
  organization={IEEE}
}